@ARTICLE{vanderGeeretal2000,
  author  = {van der Geer, J. and Hanraads, J. A. J. and Lupton, R. A.},
  title   = {The art of writing a scientific article},
  journal = {J. Sci. Commun.}, 
  volume  = {163},
  year    = {2000},
  pages   = {51-59}
}

@BOOK{StrunkWhite1979,
  author  = {Strunk Jr., W. and White, E. B.},
  title   = {The Elements of Style},
  edition = {3rd},
  address = {New York, NY},
  publisher = {Macmillan},
  year    = {1979}
}

@INCOLLECTION{MettamAdams1999,
  author  = {Mettam, G. R. and Adams, L. B.},
  title   = {How to prepare an electronic version of your article},
  editor  = {Jones, B. S. and Smith, R. Z.},
  booktitle = {Introduction to the Electronic Age},
  address = {New York, NY},
  publisher = {E-Publishing Inc.},
  year    = {1999},
  pages   = {281-304}
}

@inproceedings{hoang2022context,
  title={Context-Aware Grasp Generation in Cluttered Scenes},
  author={Hoang, Dinh-Cuong and Stork, Johannes Andreas and Stoyanov, Todor},
  booktitle={IEEE International Conference on Robotics and Automation (ICRA 2022), Philadelphia, USA, May 23-27, 2022},
  year={2022}
}

@inproceedings{wang2018non,
  title={Non-local neural networks},
  author={Wang, Xiaolong and Girshick, Ross and Gupta, Abhinav and He, Kaiming},
  booktitle={Proceedings of the IEEE conference on computer vision and pattern recognition},
  pages={7794--7803},
  year={2018}
}

@inproceedings{yue2018compact,
  title={Compact generalized non-local network},
  author={Yue, Kaiyu and Sun, Ming and Yuan, Yuchen and Zhou, Feng and Ding, Errui and Xu, Fuxin},
  booktitle={Advances in Neural Information Processing Systems},
  pages={6510--6519},
  year={2018}
}


@inproceedings{huang2019ccnet,
  title={Ccnet: Criss-cross attention for semantic segmentation},
  author={Huang, Zilong and Wang, Xinggang and Huang, Lichao and Huang, Chang and Wei, Yunchao and Liu, Wenyu},
  booktitle={Proceedings of the IEEE/CVF International Conference on Computer Vision},
  pages={603--612},
  year={2019}
}

@inproceedings{hu2018squeeze,
  title={Squeeze-and-excitation networks},
  author={Hu, Jie and Shen, Li and Sun, Gang},
  booktitle={Proceedings of the IEEE conference on computer vision and pattern recognition},
  pages={7132--7141},
  year={2018}
}

@inproceedings{woo2018cbam,
  title={Cbam: Convolutional block attention module},
  author={Woo, Sanghyun and Park, Jongchan and Lee, Joon-Young and Kweon, In So},
  booktitle={Proceedings of the European conference on computer vision (ECCV)},
  pages={3--19},
  year={2018}
}

@inproceedings{fu2019dual,
  title={Dual attention network for scene segmentation},
  author={Fu, Jun and Liu, Jing and Tian, Haijie and Li, Yong and Bao, Yongjun and Fang, Zhiwei and Lu, Hanqing},
  booktitle={Proceedings of the IEEE/CVF conference on computer vision and pattern recognition},
  pages={3146--3154},
  year={2019}
}

@inproceedings{zhao2021point,
  title={Point transformer},
  author={Zhao, Hengshuang and Jiang, Li and Jia, Jiaya and Torr, Philip HS and Koltun, Vladlen},
  booktitle={Proceedings of the IEEE/CVF International Conference on Computer Vision},
  pages={16259--16268},
  year={2021}
}

@article{feng2020point,
  title={Point attention network for semantic segmentation of 3D point clouds},
  author={Feng, Mingtao and Zhang, Liang and Lin, Xuefei and Gilani, Syed Zulqarnain and Mian, Ajmal},
  journal={Pattern Recognition},
  volume={107},
  pages={107446},
  year={2020},
  publisher={Elsevier}
}

@inproceedings{fang2020graspnet,
  title={GraspNet-1Billion: A Large-Scale Benchmark for General Object Grasping},
  author={Fang, Hao-Shu and Wang, Chenxi and Gou, Minghao and Lu, Cewu},
  booktitle={Proceedings of the IEEE/CVF Conference on Computer Vision and Pattern Recognition},
  pages={11444--11453},
  year={2020}
}

@inproceedings{munoz2016fast,
  title={Fast 6D pose estimation for texture-less objects from a single RGB image},
  author={Mu{\~n}oz, Enrique and Konishi, Yoshinori and Murino, Vittorio and Del Bue, Alessio},
  booktitle={2016 IEEE International Conference on Robotics and Automation (ICRA)},
  pages={5623--5630},
  year={2016},
  organization={IEEE}
}

@inproceedings{zeng2017multi,
  title={Multi-view self-supervised deep learning for 6d pose estimation in the amazon picking challenge},
  author={Zeng, Andy and Yu, Kuan-Ting and Song, Shuran and Suo, Daniel and Walker, Ed and Rodriguez, Alberto and Xiao, Jianxiong},
  booktitle={2017 IEEE international conference on robotics and automation (ICRA)},
  pages={1386--1383},
  year={2017},
  organization={IEEE}
}

@article{bohg2013data,
  title={Data-driven grasp synthesisâ€”a survey},
  author={Bohg, Jeannette and Morales, Antonio and Asfour, Tamim and Kragic, Danica},
  journal={IEEE Transactions on robotics},
  volume={30},
  number={2},
  pages={289--309},
  year={2013},
  publisher={IEEE}
}

@inproceedings{besl1992method,
  title={Method for registration of 3-D shapes},
  author={Besl, Paul J and McKay, Neil D},
  booktitle={Sensor fusion IV: control paradigms and data structures},
  volume={1611},
  pages={586--606},
  year={1992},
  organization={Spie}
}

@article{dias2014sift,
  title={Sift-based homographies for efficient multiview distributed visual sensing},
  author={Dias, Andre Seixas and Brites, Catarina and Ascenso, Joao and Pereira, Fernando},
  journal={IEEE Sensors Journal},
  volume={15},
  number={5},
  pages={2643--2656},
  year={2014},
  publisher={IEEE}
}

@inproceedings{wu20196d,
  title={6d-vnet: End-to-end 6-dof vehicle pose estimation from monocular rgb images},
  author={Wu, Di and Zhuang, Zhaoyong and Xiang, Canqun and Zou, Wenbin and Li, Xia},
  booktitle={Proceedings of the IEEE/CVF Conference on Computer Vision and Pattern Recognition Workshops},
  pages={0--0},
  year={2019}
}

@inproceedings{wang2019densefusion,
  title={Densefusion: 6d object pose estimation by iterative dense fusion},
  author={Wang, Chen and Xu, Danfei and Zhu, Yuke and Mart{\'\i}n-Mart{\'\i}n, Roberto and Lu, Cewu and Fei-Fei, Li and Savarese, Silvio},
  booktitle={Proceedings of the IEEE/CVF conference on computer vision and pattern recognition},
  pages={3343--3352},
  year={2019}
}

@article{mahler2017dex,
  title={Dex-net 2.0: Deep learning to plan robust grasps with synthetic point clouds and analytic grasp metrics},
  author={Mahler, Jeffrey and Liang, Jacky and Niyaz, Sherdil and Laskey, Michael and Doan, Richard and Liu, Xinyu and Ojea, Juan Aparicio and Goldberg, Ken},
  journal={arXiv preprint arXiv:1703.09312},
  year={2017}
}

@inproceedings{mahler2018dex,
  title={Dex-net 3.0: Computing robust vacuum suction grasp targets in point clouds using a new analytic model and deep learning},
  author={Mahler, Jeffrey and Matl, Matthew and Liu, Xinyu and Li, Albert and Gealy, David and Goldberg, Ken},
  booktitle={2018 IEEE International Conference on robotics and automation (ICRA)},
  pages={5620--5627},
  year={2018},
  organization={IEEE}
}

@inproceedings{redmon2015real,
  title={Real-time grasp detection using convolutional neural networks},
  author={Redmon, Joseph and Angelova, Anelia},
  booktitle={2015 IEEE international conference on robotics and automation (ICRA)},
  pages={1316--1322},
  year={2015},
  organization={IEEE}
}

@article{lenz2015deep,
  title={Deep learning for detecting robotic grasps},
  author={Lenz, Ian and Lee, Honglak and Saxena, Ashutosh},
  journal={The International Journal of Robotics Research},
  volume={34},
  number={4-5},
  pages={705--724},
  year={2015},
  publisher={SAGE Publications Sage UK: London, England}
}

@article{ten2017grasp,
  title={Grasp pose detection in point clouds},
  author={ten Pas, Andreas and Gualtieri, Marcus and Saenko, Kate and Platt, Robert},
  journal={The International Journal of Robotics Research},
  volume={36},
  number={13-14},
  pages={1455--1473},
  year={2017},
  publisher={SAGE Publications Sage UK: London, England}
}

@inproceedings{mousavian20196,
  title={6-dof graspnet: Variational grasp generation for object manipulation},
  author={Mousavian, Arsalan and Eppner, Clemens and Fox, Dieter},
  booktitle={Proceedings of the IEEE/CVF International Conference on Computer Vision},
  pages={2901--2910},
  year={2019}
}

@inproceedings{liang2019pointnetgpd,
  title={Pointnetgpd: Detecting grasp configurations from point sets},
  author={Liang, Hongzhuo and Ma, Xiaojian and Li, Shuang and G{\"o}rner, Michael and Tang, Song and Fang, Bin and Sun, Fuchun and Zhang, Jianwei},
  booktitle={2019 International Conference on Robotics and Automation (ICRA)},
  pages={3629--3635},
  year={2019},
  organization={IEEE}
}

@article{qi2017pointnet++,
  title={Pointnet++: Deep hierarchical feature learning on point sets in a metric space},
  author={Qi, Charles Ruizhongtai and Yi, Li and Su, Hao and Guibas, Leonidas J},
  journal={Advances in neural information processing systems},
  volume={30},
  year={2017}
}

@inproceedings{qi2019deep,
  title={Deep hough voting for 3d object detection in point clouds},
  author={Qi, Charles R and Litany, Or and He, Kaiming and Guibas, Leonidas J},
  booktitle={proceedings of the IEEE/CVF International Conference on Computer Vision},
  pages={9277--9286},
  year={2019}
}

@inproceedings{herzog2012template,
  title={Template-based learning of grasp selection},
  author={Herzog, Alexander and Pastor, Peter and Kalakrishnan, Mrinal and Righetti, Ludovic and Asfour, Tamim and Schaal, Stefan},
  booktitle={2012 IEEE International Conference on Robotics and Automation},
  pages={2379--2384},
  year={2012},
  organization={IEEE}
}

@inproceedings{qi2017pointnet,
  title={Pointnet: Deep learning on point sets for 3d classification and segmentation},
  author={Qi, Charles R and Su, Hao and Mo, Kaichun and Guibas, Leonidas J},
  booktitle={Proceedings of the IEEE conference on computer vision and pattern recognition},
  pages={652--660},
  year={2017}
}

@inproceedings{ni2020pointnet++,
  title={Pointnet++ grasping: learning an end-to-end spatial grasp generation algorithm from sparse point clouds},
  author={Ni, Peiyuan and Zhang, Wenguang and Zhu, Xiaoxiao and Cao, Qixin},
  booktitle={2020 IEEE International Conference on Robotics and Automation (ICRA)},
  pages={3619--3625},
  year={2020},
  organization={IEEE}
}

@article{choi2018learning,
  title={Learning object grasping for soft robot hands},
  author={Choi, Changhyun and Schwarting, Wilko and DelPreto, Joseph and Rus, Daniela},
  journal={IEEE Robotics and Automation Letters},
  volume={3},
  number={3},
  pages={2370--2377},
  year={2018},
  publisher={IEEE}
}

@inproceedings{hough1959machine,
  title={Machine analysis of bubble chamber pictures},
  author={Hough, Paul VC},
  booktitle={Proc. of the International Conference on High Energy Accelerators and Instrumentation, Sept. 1959},
  pages={554--556},
  year={1959}
}

@misc{hough1962method,
  title={Method and means for recognizing complex patterns},
  author={Hough, Paul VC},
  year={1962},
  month=dec # "~18",
  publisher={Google Patents},
  note={US Patent 3,069,654}
}

@article{duda1972textordfeminineuse,
  title={{\textordfeminine}Use of the Hough Transform to Detect Lines and Curves in Pictures, {\textordmasculine} Comm},
  author={Duda, RO and Hart, PE},
  journal={ACM},
  year={1972}
}

@incollection{gall2013class,
  title={Class-specific hough forests for object detection},
  author={Gall, Juergen and Lempitsky, Victor},
  booktitle={Decision forests for computer vision and medical image analysis},
  pages={143--157},
  year={2013},
  publisher={Springer}
}

@article{gall2011hough,
  title={Hough forests for object detection, tracking, and action recognition},
  author={Gall, Juergen and Yao, Angela and Razavi, Nima and Van Gool, Luc and Lempitsky, Victor},
  journal={IEEE transactions on pattern analysis and machine intelligence},
  volume={33},
  number={11},
  pages={2188--2202},
  year={2011},
  publisher={IEEE}
}

@article{kalviainen1996motion,
  title={Motion detection using the randomised Hough transform: exploiting gradient information and detecting multiple moving objects},
  author={Kalviainen, Heikki},
  journal={IEE Proceedings-Vision, Image and Signal Processing},
  volume={143},
  number={6},
  pages={361--369},
  year={1996},
  publisher={IET}
}

@inproceedings{golemati2006comparison,
  title={Comparison of B-mode, M-mode and Hough transform methods for measurement of arterial diastolic and systolic diameters},
  author={Golemati, S and Stoitsis, J and Balkizas, T and Nikita, KS},
  booktitle={2005 IEEE Engineering in Medicine and Biology 27th Annual Conference},
  pages={1758--1761},
  year={2006},
  organization={IEEE}
}

@inproceedings{iocchi2001probabilistic,
  title={A probabilistic approach to Hough localization},
  author={Iocchi, Luca and Mastrantuono, Domenico and Nardi, Daniele},
  booktitle={Proceedings 2001 ICRA. IEEE International Conference on Robotics and Automation (Cat. No. 01CH37164)},
  volume={4},
  pages={4250--4255},
  year={2001},
  organization={IEEE}
}

@inproceedings{deng2018ppfnet,
  title={Ppfnet: Global context aware local features for robust 3d point matching},
  author={Deng, Haowen and Birdal, Tolga and Ilic, Slobodan},
  booktitle={Proceedings of the IEEE conference on computer vision and pattern recognition},
  pages={195--205},
  year={2018}
}

@article{rabbani2005efficient,
  title={Efficient hough transform for automatic detection of cylinders in point clouds},
  author={Rabbani, Tahir and Van Den Heuvel, Frank},
  journal={Isprs Wg Iii/3, Iii/4},
  volume={3},
  pages={60--65},
  year={2005}
}

@article{silberberg1984iterative,
  title={An iterative Hough procedure for three-dimensional object recognition},
  author={Silberberg, Teresa M and Davis, Larry and Harwood, David},
  journal={Pattern Recognition},
  volume={17},
  number={6},
  pages={621--629},
  year={1984},
  publisher={Elsevier}
}

@inproceedings{tombari2010object,
  title={Object recognition in 3d scenes with occlusions and clutter by hough voting},
  author={Tombari, Federico and Di Stefano, Luigi},
  booktitle={2010 Fourth Pacific-Rim Symposium on Image and Video Technology},
  pages={349--355},
  year={2010},
  organization={IEEE}
}

@inproceedings{kehl2016deep,
  title={Deep learning of local rgb-d patches for 3d object detection and 6d pose estimation},
  author={Kehl, Wadim and Milletari, Fausto and Tombari, Federico and Ilic, Slobodan and Navab, Nassir},
  booktitle={European conference on computer vision},
  pages={205--220},
  year={2016},
  organization={Springer}
}

@inproceedings{xie2018attentional,
  title={Attentional shapecontextnet for point cloud recognition},
  author={Xie, Saining and Liu, Sainan and Chen, Zeyu and Tu, Zhuowen},
  booktitle={Proceedings of the IEEE Conference on Computer Vision and Pattern Recognition},
  pages={4606--4615},
  year={2018}
}

@inproceedings{qi2018frustum,
  title={Frustum pointnets for 3d object detection from rgb-d data},
  author={Qi, Charles R and Liu, Wei and Wu, Chenxia and Su, Hao and Guibas, Leonidas J},
  booktitle={Proceedings of the IEEE conference on computer vision and pattern recognition},
  pages={918--927},
  year={2018}
}

@inproceedings{liu2016ssd,
  title={Ssd: Single shot multibox detector},
  author={Liu, Wei and Anguelov, Dragomir and Erhan, Dumitru and Szegedy, Christian and Reed, Scott and Fu, Cheng-Yang and Berg, Alexander C},
  booktitle={European conference on computer vision},
  pages={21--37},
  year={2016},
  organization={Springer}
}

@inproceedings{song2016deep,
  title={Deep sliding shapes for amodal 3d object detection in rgb-d images},
  author={Song, Shuran and Xiao, Jianxiong},
  booktitle={Proceedings of the IEEE conference on computer vision and pattern recognition},
  pages={808--816},
  year={2016}
}

@inproceedings{hou20193d,
  title={3d-sis: 3d semantic instance segmentation of rgb-d scans},
  author={Hou, Ji and Dai, Angela and Nie{\ss}ner, Matthias},
  booktitle={Proceedings of the IEEE/CVF conference on computer vision and pattern recognition},
  pages={4421--4430},
  year={2019}
}

@inproceedings{ye20183d,
  title={3d recurrent neural networks with context fusion for point cloud semantic segmentation},
  author={Ye, Xiaoqing and Li, Jiamao and Huang, Hexiao and Du, Liang and Zhang, Xiaolin},
  booktitle={Proceedings of the European conference on computer vision (ECCV)},
  pages={403--417},
  year={2018}
}

@article{hu2018semantic,
  title={Semantic labeling and instance segmentation of 3D point clouds using patch context analysis and multiscale processing},
  author={Hu, Shi-Min and Cai, Jun-Xiong and Lai, Yu-Kun},
  journal={IEEE transactions on visualization and computer graphics},
  volume={26},
  number={7},
  pages={2485--2498},
  year={2018},
  publisher={IEEE}
}

@inproceedings{shi2019hierarchy,
  title={Hierarchy denoising recursive autoencoders for 3D scene layout prediction},
  author={Shi, Yifei and Chang, Angel X and Wu, Zhelun and Savva, Manolis and Xu, Kai},
  booktitle={Proceedings of the IEEE/CVF Conference on Computer Vision and Pattern Recognition},
  pages={1771--1780},
  year={2019}
}

@inproceedings{zhang2019pcan,
  title={PCAN: 3D attention map learning using contextual information for point cloud based retrieval},
  author={Zhang, Wenxiao and Xiao, Chunxia},
  booktitle={Proceedings of the IEEE/CVF Conference on Computer Vision and Pattern Recognition},
  pages={12436--12445},
  year={2019}
}

@inproceedings{paigwar2019attentional,
  title={Attentional pointnet for 3d-object detection in point clouds},
  author={Paigwar, Anshul and Erkent, Ozgur and Wolf, Christian and Laugier, Christian},
  booktitle={Proceedings of the IEEE/CVF Conference on Computer Vision and Pattern Recognition Workshops},
  pages={0--0},
  year={2019}
}

@inproceedings{buades2005non,
  title={A non-local algorithm for image denoising},
  author={Buades, Antoni and Coll, Bartomeu and Morel, J-M},
  booktitle={2005 IEEE Computer Society Conference on Computer Vision and Pattern Recognition (CVPR'05)},
  volume={2},
  pages={60--65},
  year={2005},
  organization={IEEE}
}

@inproceedings{kehl2017ssd,
  title={Ssd-6d: Making rgb-based 3d detection and 6d pose estimation great again},
  author={Kehl, Wadim and Manhardt, Fabian and Tombari, Federico and Ilic, Slobodan and Navab, Nassir},
  booktitle={Proceedings of the IEEE international conference on computer vision},
  pages={1521--1529},
  year={2017}
}

@inproceedings{peng2019pvnet,
  title={Pvnet: Pixel-wise voting network for 6dof pose estimation},
  author={Peng, Sida and Liu, Yuan and Huang, Qixing and Zhou, Xiaowei and Bao, Hujun},
  booktitle={Proceedings of the IEEE/CVF Conference on Computer Vision and Pattern Recognition},
  pages={4561--4570},
  year={2019}
}

@inproceedings{zhao2020exploring,
  title={Exploring self-attention for image recognition},
  author={Zhao, Hengshuang and Jia, Jiaya and Koltun, Vladlen},
  booktitle={Proceedings of the IEEE/CVF Conference on Computer Vision and Pattern Recognition},
  pages={10076--10085},
  year={2020}
}

@article{ren2015faster,
  title={Faster r-cnn: Towards real-time object detection with region proposal networks},
  author={Ren, Shaoqing and He, Kaiming and Girshick, Ross and Sun, Jian},
  journal={Advances in neural information processing systems},
  volume={28},
  year={2015}
}

@article{vaswani2017attention,
  title={Attention is all you need},
  author={Vaswani, Ashish and Shazeer, Noam and Parmar, Niki and Uszkoreit, Jakob and Jones, Llion and Gomez, Aidan N and Kaiser, {\L}ukasz and Polosukhin, Illia},
  journal={Advances in neural information processing systems},
  volume={30},
  year={2017}
}
